%% Libri
@book{Shankar,
      language    ="english",
      author      = "Shankar, Ramamurti",
      title       = "{Principles of quantum mechanics}",
      publisher   = "Plenum",
      address     = "New York, NY",
      year        = "1980",
      url         = "https://cds.cern.ch/record/102017",
}
@book{Landau,
      language    ="italian",
      author      ="Landau, Lev D. and Lif{\v{s}}its, Evgenij M.",
      maintitle   = "Fisica teorica",
      volume      = "2",
      title       = "Teoria dei campi",
	publisher   ="Editori Riuniti University Press",
      address     ="Roma",
	year        ="2010",
}

@book{cohen,
      author = {Cohen-Tannoudji, Claude and Diu, Bernard and LaloÃ«, Franck},
      address = {New York},
      booktitle = {Quantum mechanics},
      isbn = {0471164321},
      keywords = {Quantum theory},
      language = {eng;fre},
      lccn = {76005874},
      publisher = {Wiley},
      title = {Quantum mechanics },
      year = {1977},
}
@book{sakurai,
  language="italian",
  title={Meccanica quantistica moderna},
  author={Sakurai, J.J. and Napolitano, J. and Forte, S.},
  year={2014},
  publisher={Zanichelli},
}

@book{schwichtenberg,
      author = {Schwichtenberg, Jakob.},
      address = {Cham},
      booktitle = {Physics from symmetry},
      edition = {Second edition.},
      isbn = {9783319666303},
      keywords = {Symmetry (Physics)},
      language = {eng},
      publisher = {Springer},
      series = {Undergraduate lecture notes in physics},
      title = {Physics from symmetry },
      year = {2018},
}

@book{nardulli1,
  title={Meccanica quantistica: Principi},
  author={Nardulli, G.},
  number={v. 1},
  isbn={9788846430823},
  series={Fisica e scienze esatte},
  year={2001},
  publisher={Franco Angeli}
}

@book{nardulli2,
  title={Meccanica quantistica: Applicazioni},
  author={Nardulli, G.},
  isbn={9788846431349},
  series={Collana di fisica e scienze esatte},
  year={2001},
  publisher={Franco Angeli}
}

@book{griffiths,
	address = {Cambridge ; New York, NY},
	edition = {Third edition},
	title = {Introduction to quantum mechanics},
	isbn = {978-1-107-18963-8},
	publisher = {Cambridge University Press},
	author = {Griffiths, David J. and Schroeter, Darrell F.},
	year = {2018},
}

@book{merzbacher,
  title={Quantum Mechanics},
  author={Merzbacher, E.},
  isbn={9780471887027},
  year={1998},
  publisher={Wiley}
}

@book{sakurai_advanced,
  title={Advanced Quantum Mechanics},
  author={Sakurai, J.J.},
  isbn={9788177589160},
  series={Always learning},
  year={1967},
  publisher={Pearson Education, Incorporated}
}

@book{Heikkila,
  title={The Physics of Nanoelectronics: Transport and Fluctuation Phenomena at Low Temperatures},
  author={Heikkil{\"a}, T.T.},
  isbn={9780199592449},
  series={Oxford Master Series in Physics},
  year={2013},
  publisher={OUP Oxford}
}




%% Non libri 
@article{verheest,
  author       = {Verheest, Frank},
  journal      = {American Journal of physics},
  number       = {6},
  pages        = {425--429},
  title        = {On the linearity of the generalized Lorentz transformation},
  url          = {https://biblio.ugent.be/publication/8761064},
  volume       = {90},
  year         = {2022},
}
@article{Pelissetto_2015,
  eprint={1504.02423},
	year = {2015},
	publisher = {American Association of Physics Teachers ({AAPT})},
	volume = {83},
	number = {4},
	pages = {338--340},
	author = {Andrea Pelissetto and Massimo Testa},
	title = {Getting the Lorentz transformations without requiring an invariant speed},
	journal = {American Journal of Physics},
  archivePrefix={arXiv},
  primaryClass={gr-qc}
}